@article{grunerbl2014smartphone,
  title={Smartphone-based recognition of states and state changes in bipolar disorder patients},
  author={Gr{\"u}nerbl, Agnes and Muaremi, Amir and Osmani, Venet and Bahle, Gernot and Oehler, Stefan and Tr{\"o}ster, Gerhard and Mayora, Oscar and Haring, Christian and Lukowicz, Paul},
  journal={IEEE Journal of Biomedical and Health Informatics},
  volume={19},
  number={1},
  pages={140--148},
  year={2014},
  publisher={IEEE}
}

@article{ma2014depth,
  title={Depth-based human fall detection via shape features and improved extreme learning machine},
  author={Ma, Xin and Wang, Haibo and Xue, Bingxia and Zhou, Mingang and Ji, Bing and Li, Yibin},
  journal={IEEE journal of biomedical and health informatics},
  volume={18},
  number={6},
  pages={1915--1922},
  year={2014},
  publisher={IEEE}
}

@article{bussmann1998ambulatory,
  title={Ambulatory accelerometry to quantify motor behaviour in patients after failed back surgery: a validation study},
  author={Bussmann, JBJ and Van de Laar, YM and Neeleman, MP and Stam, HJ},
  journal={Pain},
  volume={74},
  number={2-3},
  pages={153--161},
  year={1998},
  publisher={Elsevier}
}

@article{najafi2003ambulatory,
  title={Ambulatory system for human motion analysis using a kinematic sensor: monitoring of daily physical activity in the elderly},
  author={Najafi, Bijan and Aminian, Kamiar and Paraschiv-Ionescu, Anisoara and Loew, Fran{\c{c}}ois and Bula, Christophe J and Robert, Philippe},
  journal={IEEE Transactions on biomedical Engineering},
  volume={50},
  number={6},
  pages={711--723},
  year={2003},
  publisher={IEEE}
}

@article{motrenko2015extracting,
  title={Extracting fundamental periods to segment biomedical signals},
  author={Motrenko, Anastasia and Strijov, Vadim},
  journal={IEEE journal of biomedical and health informatics},
  volume={20},
  number={6},
  pages={1466--1476},
  year={2015},
  publisher={IEEE}
}

@article{karkishchenko2013recovery,
  title={Recovery of points symmetry in images of objects with reflectional symmetry},
  author={Karkishchenko, AN and Mnukhin, VB},
  journal={Machine Learning and Data Analysis},
  volume={1},
  number={5},
  pages={621--631},
  year={2013}
}


@inproceedings{karkishchenko2013reflective,
  title={Reflective symmetrization of feature points in images},
  author={Karkishchenko, AN and Mnukhin, VB},
  booktitle={11th Conference (International) on Pattern Recognition and Image Analysis: New Information Technologies (PRIA-11-2013) Proceedings. Samara},
  pages={209--212},
  year={2013}
}

@article{usmanova,
  title={Аппроксимация фазовой траектории квазипериодических сигналов методом сферической регрессии},
  author={Усманова, Карина Равилевна and Журавлёв, ЮИ and Рудаков, КВ and Стрижов, ВВ},
  journal={Вестник Московского университета. Серия 15: Вычислительная математика и кибернетика},
  number={4},
  pages={40--46},
  year={2020},
  publisher={Федеральное государственное бюджетное образовательное учреждение высшего~…}
}

@article{grabovoy2020quasi,
  title={Quasi-Periodic Time Series Clustering for Human Activity Recognition},
  author={Grabovoy, AV and Strijov, VV},
  journal={Lobachevskii Journal of Mathematics},
  volume={41},
  number={3},
  pages={333--339},
  year={2020},
  publisher={Springer}
}

@article{ignatov2016human,
  title={Human activity recognition using quasiperiodic time series collected from a single tri-axial accelerometer},
  author={Ignatov, Andrey D and Strijov, Vadim V},
  journal={Multimedia tools and applications},
  volume={75},
  number={12},
  pages={7257--7270},
  year={2016},
  publisher={Springer}
}

@article{jansi2018novel,
  title={A novel chaotic map based compressive classification scheme for human activity recognition using a tri-axial accelerometer},
  author={Jansi, R and Amutha, R},
  journal={Multimedia Tools and Applications},
  volume={77},
  number={23},
  pages={31261--31280},
  year={2018},
  publisher={Springer}
}

@article{khan2010triaxial,
  title={A triaxial accelerometer-based physical-activity recognition via augmented-signal features and a hierarchical recognizer},
  author={Khan, Adil Mehmood and Lee, Young-Koo and Lee, Sungyoung Y and Kim, Tae-Seong},
  journal={IEEE transactions on information technology in biomedicine},
  volume={14},
  number={5},
  pages={1166--1172},
  year={2010},
  publisher={IEEE}
}


@inproceedings{bevilacqua2018human,
  title={Human activity recognition with convolutional neural networks},
  author={Bevilacqua, Antonio and MacDonald, Kyle and Rangarej, Aamina and Widjaya, Venessa and Caulfield, Brian and Kechadi, Tahar},
  booktitle={Joint European Conference on Machine Learning and Knowledge Discovery in Databases},
  pages={541--552},
  year={2018},
  organization={Springer}
}

@article{lu2017towards,
  title={Towards unsupervised physical activity recognition using smartphone accelerometers},
  author={Lu, Yonggang and Wei, Ye and Liu, Li and Zhong, Jun and Sun, Letian and Liu, Ye},
  journal={Multimedia Tools and Applications},
  volume={76},
  number={8},
  pages={10701--10719},
  year={2017},
  publisher={Springer}
}


@article{ordonez2016deep,
  title={Deep convolutional and lstm recurrent neural networks for multimodal wearable activity recognition},
  author={Ord{\'o}{\~n}ez, Francisco Javier and Roggen, Daniel},
  journal={Sensors},
  volume={16},
  number={1},
  pages={115},
  year={2016},
  publisher={Multidisciplinary Digital Publishing Institute}
}


@article{sun2018sequential,
  title={Sequential human activity recognition based on deep convolutional network and extreme learning machine using wearable sensors},
  author={Sun, Jian and Fu, Yongling and Li, Shengguang and He, Jie and Xu, Cheng and Tan, Lin},
  journal={Journal of Sensors},
  volume={2018},
  year={2018},
  publisher={Hindawi}
}


@article{wang2020wearable,
  title={Wearable sensor-based human activity recognition using hybrid deep learning techniques},
  author={Wang, Huaijun and Zhao, Jing and Li, Junhuai and Tian, Ling and Tu, Pengjia and Cao, Ting and An, Yang and Wang, Kan and Li, Shancang},
  journal={Security and Communication Networks},
  volume={2020},
  year={2020},
  publisher={Hindawi}
}


@article{lovric2014algoritmic,
  title={Algoritmic methods for segmentation of time series: An overview},
  author={Lovri{\'c}, Miodrag and Milanovi{\'c}, Marina and Stamenkovi{\'c}, Milan},
  journal={Journal of Contemporary Economic and Business Issues},
  volume={1},
  number={1},
  pages={31--53},
  year={2014},
  publisher={Skopje: Ss. Cyril and Methodius University in Skopje, Faculty of Economics}
}

@incollection{caiado2015time,
  title={Time-series clustering},
  author={Caiado, Jorge and Maharaj, Elizabeth Ann and D’Urso, Pierpaolo},
  booktitle={Handbook of cluster analysis},
  pages={262--285},
  year={2015},
  publisher={Chapman and Hall/CRC}
}

@article{aghabozorgi2015time,
  title={Time-series clustering--a decade review},
  author={Aghabozorgi, Saeed and Shirkhorshidi, Ali Seyed and Wah, Teh Ying},
  journal={Information Systems},
  volume={53},
  pages={16--38},
  year={2015},
  publisher={Elsevier}
}

@article{guo2015iterative,
  title={Iterative phase retrieval algorithms. I: optimization},
  author={Guo, Changliang and Liu, Shi and Sheridan, John T},
  journal={Applied optics},
  volume={54},
  number={15},
  pages={4698--4708},
  year={2015},
  publisher={Optical Society of America}
}


@article{maltsev,
  title={Алгоритм реконструкции фазового пространства динамической системы и его применение для разработки прогнозных моделей},
  author={Мальцев, Георгий Николаевич and Назаров, Андрей Вячеславович and Якимов, Виктор Леонидович},
  journal={Информационно-управляющие системы},
  number={2 (69)},
  year={2014},
  publisher={Федеральное государственное автономное образовательное учреждение высшего~…}
}


@book{lukyanov,
    author    = "Лукьянов Г. Н.",
    title     = "Оценивание параметров динамических процессов",
    year      = "2020",
    address   = "Университет ИТМО, Санкт-Петербург"
}


@article{bellman1957dynamic,
  title={Dynamic programming, princeton univ},
  author={Bellman, RICHARD},
  journal={Press Princeton, New Jersey},
  year={1957}
}


@article{bellman1961adaptive,
  title={Adaptive control processes: a guided tour princeton university press},
  author={Bellman, Richard},
  journal={Princeton, New Jersey, USA},
  pages={96},
  year={1961}
}



@inproceedings{beyer1999nearest,
  title={When is “nearest neighbor” meaningful?},
  author={Beyer, Kevin and Goldstein, Jonathan and Ramakrishnan, Raghu and Shaft, Uri},
  booktitle={International conference on database theory},
  pages={217--235},
  year={1999},
  organization={Springer}
}



@book{powell2007approximate,
  title={Approximate Dynamic Programming: Solving the curses of dimensionality},
  author={Powell, Warren B},
  volume={703},
  year={2007},
  publisher={John Wiley \& Sons}
}

@article{hauptman1991phase,
  title={The phase problem of x-ray crystallography},
  author={Hauptman, Herbert A},
  journal={Reports on Progress in Physics},
  volume={54},
  number={11},
  pages={1427},
  year={1991},
  publisher={IOP Publishing}
}

@inproceedings{kim1991phase,
  title={The phase retrieval problem in X-ray crystallography},
  author={Kim, Wooshik and Hayes, Monson H},
  booktitle={[Proceedings] ICASSP 91: 1991 International Conference on Acoustics, Speech, and Signal Processing},
  pages={1765--1768},
  year={1991},
  organization={IEEE}
}


@article{millane1990phase,
  title={Phase retrieval in crystallography and optics},
  author={Millane, Rick P},
  journal={JOSA A},
  volume={7},
  number={3},
  pages={394--411},
  year={1990},
  publisher={Optical Society of America}
}

@article{bruck1979ambiguity,
  title={On the ambiguity of the image reconstruction problem},
  author={Bruck, Yu M and Sodin, LG},
  journal={Optics communications},
  volume={30},
  number={3},
  pages={304--308},
  year={1979},
  publisher={Elsevier}
}

@article{fienup1987phase,
  title={Phase retrieval and image reconstruction for astronomy},
  author={Fienup, C and Dainty, J},
  journal={Image recovery: theory and application},
  volume={231},
  pages={275},
  year={1987}
}


@article{seifert2006multilevel,
  title={Multilevel Gauss--Newton methods for phase retrieval problems},
  author={Seifert, Birger and Stolz, Heinrich and Donatelli, Marco and Langemann, Dirk and Tasche, Manfred},
  journal={Journal of Physics A: Mathematical and General},
  volume={39},
  number={16},
  pages={4191},
  year={2006},
  publisher={IOP Publishing}
}


@article{seifert2004nontrivial,
  title={Nontrivial ambiguities for blind frequency-resolved optical gating and the problem of uniqueness},
  author={Seifert, Birger and Stolz, Heinrich and Tasche, Manfred},
  journal={JOSA B},
  volume={21},
  number={5},
  pages={1089--1097},
  year={2004},
  publisher={Optical Society of America}
}


@inproceedings{jatesiktat2017unsupervised,
  title={Unsupervised phase extraction using dual autoencoder},
  author={Jatesiktat, Prayook and Ang, Wei Tech},
  booktitle={2017 International Conference on Advanced Computing and Applications (ACOMP)},
  pages={71--76},
  year={2017},
  organization={IEEE}
}


@inproceedings{jatesiktat2018unsupervised,
  title={Unsupervised phase learning and extraction from repetitive movements},
  author={Jatesiktat, Prayook and Anopas, Dollaporn and Ang, Wei Tech},
  booktitle={2018 40th Annual International Conference of the IEEE Engineering in Medicine and Biology Society (EMBC)},
  pages={227--230},
  year={2018},
  organization={IEEE}
}

@article{jatesiktat2020unsupervised,
  title={Unsupervised phase learning and extraction from quasiperiodic multidimensional time-series data},
  author={Jatesiktat, Prayook and Lim, Guan Ming and Kuah, Christopher Wee Keong and Ang, Wei Tech},
  journal={Applied Soft Computing},
  volume={93},
  pages={106386},
  year={2020},
  publisher={Elsevier}
}


@article{gerchberg1972practical,
  title={A practical algorithm for the determination of phase from image and diffraction plane pictures},
  author={Gerchberg, Ralph W},
  journal={Optik},
  volume={35},
  pages={237--246},
  year={1972}
}


@article{kak1973hilbert,
  title={Hilbert transformation for discrete data},
  author={KAK, SUBHASH C},
  journal={International Journal of Electronics},
  volume={34},
  number={2},
  pages={177--183},
  year={1973},
  publisher={Taylor \& Francis}
}

@article{yang1994gerchberg,
  title={Gerchberg--Saxton and Yang--Gu algorithms for phase retrieval in a nonunitary transform system: a comparison},
  author={Yang, Guo-zhen and Dong, Bi-zhen and Gu, Ben-yuan and Zhuang, Jie-yao and Ersoy, Okan K},
  journal={Applied optics},
  volume={33},
  number={2},
  pages={209--218},
  year={1994},
  publisher={Optical Society of America}
}